@ARTICLE{Gurung2019-gn,
  title    = "Increased mast cell abundance in adipose tissue of metabolic
              syndrome: relevance to the proinflammatory state and increased
              adipose tissue fibrosis",
  author   = "Gurung, Purnima and Moussa, Karine and Adams-Huet, Beverley and
              Devaraj, Sridevi and Jialal, Ishwarlal",
  journal  = "Am. J. Physiol. Endocrinol. Metab.",
  volume   =  316,
  number   =  3,
  pages    = "E504--E509",
  month    =  mar,
  year     =  2019,
  keywords = "fibrosis; inflammation; insulin resistance; mast cells; metabolic
              syndrome; subcutaneous adipose tissue",
  language = "en"
}

@ARTICLE{Bruning2016-vb,
  title    = "Confounding Factors in the Transcriptome Analysis of an {In-Vivo}
              Exposure Experiment",
  author   = "Bruning, Oskar and Rodenburg, Wendy and Wackers, Paul F K and van
              Oostrom, Conny and Jonker, Martijs J and Dekker, Rob J and
              Rauwerda, Han and Ensink, Wim A and de Vries, Annemieke and
              Breit, Timo M",
  journal  = "PLoS One",
  volume   =  11,
  number   =  1,
  pages    = "e0145252",
  month    =  jan,
  year     =  2016,
  language = "en"
}

@ARTICLE{McLaughlin2014-gn,
  title     = "{T-Cell} Profile in Adipose Tissue is Associated with Insulin
               Resistance and Systemic Inflammation in Humans",
  author    = "McLaughlin, Tracey and Liu, Li-Fen and Lamendola, Cindy and
               Shen, Lei and Morton, John and Rivas, Homero and Winer, Daniel
               and Tolentino, Lorna and Choi, Okmi and Zhang, Hong and Ch'ng,
               Melissa and Engleman, Edgar",
  journal   = "Arterioscler. Thromb. Vasc. Biol.",
  publisher = "NIH Public Access",
  volume    =  34,
  number    =  12,
  pages     = "2637",
  month     =  dec,
  year      =  2014,
  language  = "en"
}

@ARTICLE{Shi2012-ge,
  title    = "Different roles of mast cells in obesity and diabetes: lessons
              from experimental animals and humans",
  author   = "Shi, Michael A and Shi, Guo-Ping",
  journal  = "Front. Immunol.",
  volume   =  3,
  pages    = "7",
  month    =  jan,
  year     =  2012,
  keywords = "T cell; dendritic cell; diabetes; diabetic nephropathy; mast
              cell; obesity",
  language = "en"
}

@ARTICLE{Nguyen2018-gv,
  title    = "Experimental Considerations for {Single-Cell} {RNA} Sequencing
              Approaches",
  author   = "Nguyen, Quy H and Pervolarakis, Nicholas and Nee, Kevin and
              Kessenbrock, Kai",
  journal  = "Front Cell Dev Biol",
  volume   =  6,
  pages    = "108",
  month    =  sep,
  year     =  2018,
  keywords = "cell isolation; cellular heterogeneity; computational biology;
              single-cell analysis; single-cell genomics",
  language = "en"
}

@ARTICLE{Westra2015-vq,
  title    = "Cell Specific {eQTL} Analysis without Sorting Cells",
  author   = "Westra, Harm-Jan and Arends, Danny and Esko, T{\~o}nu and Peters,
              Marjolein J and Schurmann, Claudia and Schramm, Katharina and
              Kettunen, Johannes and Yaghootkar, Hanieh and Fairfax, Benjamin P
              and Andiappan, Anand Kumar and Li, Yang and Fu, Jingyuan and
              Karjalainen, Juha and Platteel, Mathieu and Visschedijk, Marijn
              and Weersma, Rinse K and Kasela, Silva and Milani, Lili and
              Tserel, Liina and Peterson, P{\"a}rt and Reinmaa, Eva and Hofman,
              Albert and Uitterlinden, Andr{\'e} G and Rivadeneira, Fernando
              and Homuth, Georg and Petersmann, Astrid and Lorbeer, Roberto and
              Prokisch, Holger and Meitinger, Thomas and Herder, Christian and
              Roden, Michael and Grallert, Harald and Ripatti, Samuli and
              Perola, Markus and Wood, Andrew R and Melzer, David and Ferrucci,
              Luigi and Singleton, Andrew B and Hernandez, Dena G and Knight,
              Julian C and Melchiotti, Rossella and Lee, Bernett and Poidinger,
              Michael and Zolezzi, Francesca and Larbi, Anis and Wang, De Yun
              and van den Berg, Leonard H and Veldink, Jan H and Rotzschke,
              Olaf and Makino, Seiko and Salomaa, Veikko and Strauch,
              Konstantin and V{\"o}lker, Uwe and van Meurs, Joyce B J and
              Metspalu, Andres and Wijmenga, Cisca and Jansen, Ritsert C and
              Franke, Lude",
  journal  = "PLoS Genet.",
  volume   =  11,
  number   =  5,
  pages    = "e1005223",
  month    =  may,
  year     =  2015,
  language = "en"
}

@MISC{Gutch2015-db,
  title   = "Assessment of insulin sensitivity/resistance",
  author  = "Gutch, Manish and Kumar, Sukriti and Razi, Syedmohd and Gupta,
             Kumarkeshav and Gupta, Abhinav",
  journal = "Indian Journal of Endocrinology and Metabolism",
  volume  =  19,
  number  =  1,
  pages   = "160",
  year    =  2015
}

@ARTICLE{Dossi2018-hp,
  title    = "Human astrocytes in the diseased brain",
  author   = "Dossi, Elena and Vasile, Flora and Rouach, Nathalie",
  journal  = "Brain Res. Bull.",
  volume   =  136,
  pages    = "139--156",
  month    =  jan,
  year     =  2018,
  keywords = "Astrocytes; Brain; Humans; Pathology",
  language = "en"
}

@ARTICLE{Bakken2018-nt,
  title    = "Single-nucleus and single-cell transcriptomes compared in matched
              cortical cell types",
  author   = "Bakken, Trygve E and Hodge, Rebecca D and Miller, Jeremy A and
              Yao, Zizhen and Nguyen, Thuc Nghi and Aevermann, Brian and
              Barkan, Eliza and Bertagnolli, Darren and Casper, Tamara and Dee,
              Nick and Garren, Emma and Goldy, Jeff and Graybuck, Lucas T and
              Kroll, Matthew and Lasken, Roger S and Lathia, Kanan and Parry,
              Sheana and Rimorin, Christine and Scheuermann, Richard H and
              Schork, Nicholas J and Shehata, Soraya I and Tieu, Michael and
              Phillips, John W and Bernard, Amy and Smith, Kimberly A and Zeng,
              Hongkui and Lein, Ed S and Tasic, Bosiljka",
  journal  = "PLoS One",
  volume   =  13,
  number   =  12,
  pages    = "e0209648",
  month    =  dec,
  year     =  2018,
  language = "en"
}

@ARTICLE{Ziegenhain2017-ss,
  title    = "Comparative Analysis of {Single-Cell} {RNA} Sequencing Methods",
  author   = "Ziegenhain, Christoph and Vieth, Beate and Parekh, Swati and
              Reinius, Bj{\"o}rn and Guillaumet-Adkins, Amy and Smets, Martha
              and Leonhardt, Heinrich and Heyn, Holger and Hellmann, Ines and
              Enard, Wolfgang",
  journal  = "Mol. Cell",
  volume   =  65,
  number   =  4,
  pages    = "631--643.e4",
  month    =  feb,
  year     =  2017,
  keywords = "cost-effectiveness; method comparison; power analysis;
              simulation; single-cell RNA-seq; transcriptomics",
  language = "en"
}

@MISC{Hafemeister_undated-xh,
  title  = "Normalization and variance stabilization of single-cell {RNA-seq}
            data using regularized negative binomial regression",
  author = "Hafemeister, Christoph and Satija, Rahul"
}

@ARTICLE{Li2018-kr,
  title    = "An accurate and robust imputation method scImpute for single-cell
              {RNA-seq} data",
  author   = "Li, Wei Vivian and Li, Jingyi Jessica",
  journal  = "Nat. Commun.",
  volume   =  9,
  number   =  1,
  pages    = "997",
  month    =  mar,
  year     =  2018,
  language = "en"
}

@MISC{Rahier1983-gh,
  title   = "Cellular composition of the human diabetic pancreas",
  author  = "Rahier, J and Goebbels, R M and Henquin, J C",
  journal = "Diabetologia",
  volume  =  24,
  number  =  5,
  year    =  1983
}

@ARTICLE{Van_Harmelen2003-sg,
  title    = "Effect of {BMI} and age on adipose tissue cellularity and
              differentiation capacity in women",
  author   = "van Harmelen, V and Skurk, T and R{\"o}hrig, K and Lee, Y-M and
              Halbleib, M and Aprath-Husmann, I and Hauner, H",
  journal  = "Int. J. Obes. Relat. Metab. Disord.",
  volume   =  27,
  number   =  8,
  pages    = "889--895",
  month    =  aug,
  year     =  2003,
  language = "en"
}

@ARTICLE{Newman2019-mq,
  title    = "Determining cell type abundance and expression from bulk tissues
              with digital cytometry",
  author   = "Newman, Aaron M and Steen, Chlo{\'e} B and Liu, Chih Long and
              Gentles, Andrew J and Chaudhuri, Aadel A and Scherer, Florian and
              Khodadoust, Michael S and Esfahani, Mohammad S and Luca, Bogdan A
              and Steiner, David and Diehn, Maximilian and Alizadeh, Ash A",
  journal  = "Nat. Biotechnol.",
  month    =  may,
  year     =  2019,
  language = "en"
}

@ARTICLE{Newman2015-iw,
  title    = "Robust enumeration of cell subsets from tissue expression
              profiles",
  author   = "Newman, Aaron M and Liu, Chih Long and Green, Michael R and
              Gentles, Andrew J and Feng, Weiguo and Xu, Yue and Hoang, Chuong
              D and Diehn, Maximilian and Alizadeh, Ash A",
  journal  = "Nat. Methods",
  volume   =  12,
  number   =  5,
  pages    = "453--457",
  month    =  may,
  year     =  2015,
  language = "en"
}

@ARTICLE{London2013-id,
  title    = "Microglia and monocyte-derived macrophages: functionally distinct
              populations that act in concert in {CNS} plasticity and repair",
  author   = "London, Anat and Cohen, Merav and Schwartz, Michal",
  journal  = "Front. Cell. Neurosci.",
  volume   =  7,
  pages    = "34",
  month    =  apr,
  year     =  2013,
  keywords = "CNS; innate; macrophages; microglia; monocyte-derived
              macrophages; monocytes; neuroprotection; resolution of
              inflammation",
  language = "en"
}

@MISC{Yankner1996-lk,
  title   = "Mechanisms of Neuronal Degeneration in Alzheimer's Disease",
  author  = "Yankner, Bruce A",
  journal = "Neuron",
  volume  =  16,
  number  =  5,
  pages   = "921--932",
  year    =  1996
}

@ARTICLE{Macosko2015-yn,
  title    = "Highly Parallel Genome-wide Expression Profiling of Individual
              Cells Using Nanoliter Droplets",
  author   = "Macosko, Evan Z and Basu, Anindita and Satija, Rahul and Nemesh,
              James and Shekhar, Karthik and Goldman, Melissa and Tirosh, Itay
              and Bialas, Allison R and Kamitaki, Nolan and Martersteck, Emily
              M and Trombetta, John J and Weitz, David A and Sanes, Joshua R
              and Shalek, Alex K and Regev, Aviv and McCarroll, Steven A",
  journal  = "Cell",
  volume   =  161,
  number   =  5,
  pages    = "1202--1214",
  month    =  may,
  year     =  2015,
  language = "en"
}

@MISC{Glastonbury_undated-kk,
  title  = "Cell-type heterogeneity in adipose tissue is associated with
            complex traits and reveals disease-relevant cell-specific {eQTLs}",
  author = "Glastonbury, Craig A and Alves, Alexessander Couto and Moustafa,
            Julia El-Sayed and Small, Kerrin S"
}

@ARTICLE{Tasic2018-ue,
  title    = "Shared and distinct transcriptomic cell types across neocortical
              areas",
  author   = "Tasic, Bosiljka and Yao, Zizhen and Graybuck, Lucas T and Smith,
              Kimberly A and Nguyen, Thuc Nghi and Bertagnolli, Darren and
              Goldy, Jeff and Garren, Emma and Economo, Michael N and
              Viswanathan, Sarada and Penn, Osnat and Bakken, Trygve and Menon,
              Vilas and Miller, Jeremy and Fong, Olivia and Hirokawa, Karla E
              and Lathia, Kanan and Rimorin, Christine and Tieu, Michael and
              Larsen, Rachael and Casper, Tamara and Barkan, Eliza and Kroll,
              Matthew and Parry, Sheana and Shapovalova, Nadiya V and
              Hirschstein, Daniel and Pendergraft, Julie and Sullivan, Heather
              A and Kim, Tae Kyung and Szafer, Aaron and Dee, Nick and
              Groblewski, Peter and Wickersham, Ian and Cetin, Ali and Harris,
              Julie A and Levi, Boaz P and Sunkin, Susan M and Madisen, Linda
              and Daigle, Tanya L and Looger, Loren and Bernard, Amy and
              Phillips, John and Lein, Ed and Hawrylycz, Michael and Svoboda,
              Karel and Jones, Allan R and Koch, Christof and Zeng, Hongkui",
  journal  = "Nature",
  volume   =  563,
  number   =  7729,
  pages    = "72--78",
  month    =  nov,
  year     =  2018,
  language = "en"
}

@MISC{Navarro2018-ti,
  title   = "Microglia in Alzheimer's Disease: Activated, Dysfunctional or
             Degenerative",
  author  = "Navarro, Victoria and Sanchez-Mejias, Elisabeth and Jimenez,
             Sebastian and Mu{\~n}oz-Castro, Clara and Sanchez-Varo, Raquel and
             Davila, Jose C and Vizuete, Marisa and Gutierrez, Antonia and
             Vitorica, Javier",
  journal = "Frontiers in Aging Neuroscience",
  volume  =  10,
  year    =  2018
}

% The entry below contains non-ASCII chars that could not be converted
% to a LaTeX equivalent.
@ARTICLE{Zheng2017-pq,
  title    = "Massively parallel digital transcriptional profiling of single
              cells",
  author   = "Zheng, Grace X Y and Terry, Jessica M and Belgrader, Phillip and
              Ryvkin, Paul and Bent, Zachary W and Wilson, Ryan and Ziraldo,
              Solongo B and Wheeler, Tobias D and McDermott, Geoff P and Zhu,
              Junjie and Gregory, Mark T and Shuga, Joe and Montesclaros, Luz
              and Underwood, Jason G and Masquelier, Donald A and Nishimura,
              Stefanie Y and Schnall-Levin, Michael and Wyatt, Paul W and
              Hindson, Christopher M and Bharadwaj, Rajiv and Wong, Alexander
              and Ness, Kevin D and Beppu, Lan W and Deeg, H Joachim and
              McFarland, Christopher and Loeb, Keith R and Valente, William J
              and Ericson, Nolan G and Stevens, Emily A and Radich, Jerald P
              and Mikkelsen, Tarjei S and Hindson, Benjamin J and Bielas, Jason
              H",
  journal  = "Nat. Commun.",
  volume   =  8,
  pages    = "14049",
  month    =  jan,
  year     =  2017,
  language = "en"
}

@MISC{Weisberg2003-hx,
  title   = "Obesity is associated with macrophage accumulation in adipose
             tissue",
  author  = "Weisberg, Stuart P and McCann, Daniel and Desai, Manisha and
             Rosenbaum, Michael and Leibel, Rudolph L and Ferrante, Anthony W",
  journal = "Journal of Clinical Investigation",
  volume  =  112,
  number  =  12,
  pages   = "1796--1808",
  year    =  2003
}

@MISC{Mohammadi2017-rw,
  title   = "A Critical Survey of Deconvolution Methods for Separating Cell
             Types in Complex Tissues",
  author  = "Mohammadi, Shahin and Zuckerman, Neta and Goldsmith, Andrea and
             Grama, Ananth",
  journal = "Proceedings of the IEEE",
  volume  =  105,
  number  =  2,
  pages   = "340--366",
  year    =  2017
}

@MISC{Mann1996-xb,
  title   = "Pyramidal Nerve Cell Loss in Alzheimer's Disease",
  author  = "Mann, David M A",
  journal = "Neurodegeneration",
  volume  =  5,
  number  =  4,
  pages   = "423--427",
  year    =  1996
}

@ARTICLE{La_Manno2018-tx,
  title    = "{RNA} velocity of single cells",
  author   = "La Manno, Gioele and Soldatov, Ruslan and Zeisel, Amit and Braun,
              Emelie and Hochgerner, Hannah and Petukhov, Viktor and
              Lidschreiber, Katja and Kastriti, Maria E and L{\"o}nnerberg,
              Peter and Furlan, Alessandro and Fan, Jean and Borm, Lars E and
              Liu, Zehua and van Bruggen, David and Guo, Jimin and He, Xiaoling
              and Barker, Roger and Sundstr{\"o}m, Erik and Castelo-Branco,
              Gon{\c c}alo and Cramer, Patrick and Adameyko, Igor and
              Linnarsson, Sten and Kharchenko, Peter V",
  journal  = "Nature",
  volume   =  560,
  number   =  7719,
  pages    = "494--498",
  month    =  aug,
  year     =  2018,
  language = "en"
}

@MISC{McInnes2018-lp,
  title   = "{UMAP}: Uniform Manifold Approximation and Projection",
  author  = "McInnes, Leland and Healy, John and Saul, Nathaniel and
             Gro{\ss}berger, Lukas",
  journal = "Journal of Open Source Software",
  volume  =  3,
  number  =  29,
  pages   = "861",
  year    =  2018
}

@MISC{Hu2016-he,
  title   = "Single Cell Isolation and Analysis",
  author  = "Hu, Ping and Zhang, Wenhua and Xin, Hongbo and Deng, Glenn",
  journal = "Frontiers in Cell and Developmental Biology",
  volume  =  4,
  year    =  2016
}

@MISC{Muramori1998-wc,
  title   = "A quantitative study of neurofibrillary tangles, senile plaques
             and astrocytes in the hippocampal subdivisions and entorhinal
             cortex in Alzheimer's disease, normal controls and non-Alzheimer
             neuropsychiatric diseases",
  author  = "Muramori, Fumihiko and Kobayashi, Katsuji and Nakamura, Ichirou",
  journal = "Psychiatry and Clinical Neurosciences",
  volume  =  52,
  number  =  6,
  pages   = "593--599",
  year    =  1998
}

@ARTICLE{Franzen_O_Gan_L_Bjorkegren_J_undated-fb,
  title   = "{PanglaoDB}: A Web Server for Exploration of Mouse and Human
             Single Cell {RNA} Sequencing Data",
  author  = "{Franz{\'e}n O, Gan L , Bj{\"o}rkegren J}",
  journal = "Database"
}

@ARTICLE{Esteve_Rafols2014-ia,
  title    = "Adipose tissue: cell heterogeneity and functional diversity",
  author   = "Esteve R{\`a}fols, Montserrat",
  journal  = "Endocrinol. Nutr.",
  volume   =  61,
  number   =  2,
  pages    = "100--112",
  month    =  feb,
  year     =  2014,
  keywords = "Adipocinas; Adipocitos; Adipocytes; Adipokines; Brown adipose
              tissue; C{\'e}lulas madre; Linfocitos; Lymphocytes; Macrophages;
              Macr{\'o}fagos; Neutrophils; Neutr{\'o}filos; Preadipocitos;
              Preadipocytes; Stem cells; Tejido adiposo blanco; Tejido adiposo
              marr{\'o}n; White adipose tissue",
  language = "en"
}

@ARTICLE{Baron2016-hb,
  title    = "A {Single-Cell} Transcriptomic Map of the Human and Mouse
              Pancreas Reveals Inter- and Intra-cell Population Structure",
  author   = "Baron, Maayan and Veres, Adrian and Wolock, Samuel L and Faust,
              Aubrey L and Gaujoux, Renaud and Vetere, Amedeo and Ryu, Jennifer
              Hyoje and Wagner, Bridget K and Shen-Orr, Shai S and Klein, Allon
              M and Melton, Douglas A and Yanai, Itai",
  journal  = "Cell Syst",
  volume   =  3,
  number   =  4,
  pages    = "346--360.e4",
  month    =  oct,
  year     =  2016,
  language = "en"
}

@ARTICLE{Franzen2019-nb,
  title    = "{PanglaoDB}: a web server for exploration of mouse and human
              single-cell {RNA} sequencing data",
  author   = "Franz{\'e}n, Oscar and Gan, Li-Ming and Bj{\"o}rkegren, Johan L M",
  journal  = "Database",
  volume   =  2019,
  month    =  jan,
  year     =  2019,
  language = "en"
}

@ARTICLE{Hansen2018-jj,
  title    = "Microglia in Alzheimer's disease",
  author   = "Hansen, David V and Hanson, Jesse E and Sheng, Morgan",
  journal  = "J. Cell Biol.",
  volume   =  217,
  number   =  2,
  pages    = "459--472",
  month    =  feb,
  year     =  2018,
  language = "en"
}

@ARTICLE{Butler2018-mj,
  title    = "Integrating single-cell transcriptomic data across different
              conditions, technologies, and species",
  author   = "Butler, Andrew and Hoffman, Paul and Smibert, Peter and Papalexi,
              Efthymia and Satija, Rahul",
  journal  = "Nat. Biotechnol.",
  volume   =  36,
  number   =  5,
  pages    = "411--420",
  month    =  jun,
  year     =  2018,
  language = "en"
}

@ARTICLE{McDavid2013-ac,
  title    = "Data exploration, quality control and testing in single-cell
              {qPCR-based} gene expression experiments",
  author   = "McDavid, Andrew and Finak, Greg and Chattopadyay, Pratip K and
              Dominguez, Maria and Lamoreaux, Laurie and Ma, Steven S and
              Roederer, Mario and Gottardo, Raphael",
  journal  = "Bioinformatics",
  volume   =  29,
  number   =  4,
  pages    = "461--467",
  month    =  feb,
  year     =  2013,
  language = "en"
}

@ARTICLE{Mostafavi2018-ch,
  title    = "A molecular network of the aging human brain provides insights
              into the pathology and cognitive decline of Alzheimer's disease",
  author   = "Mostafavi, Sara and Gaiteri, Chris and Sullivan, Sarah E and
              White, Charles C and Tasaki, Shinya and Xu, Jishu and Taga,
              Mariko and Klein, Hans-Ulrich and Patrick, Ellis and Komashko,
              Vitalina and McCabe, Cristin and Smith, Robert and Bradshaw,
              Elizabeth M and Root, David E and Regev, Aviv and Yu, Lei and
              Chibnik, Lori B and Schneider, Julie A and Young-Pearse, Tracy L
              and Bennett, David A and De Jager, Philip L",
  journal  = "Nat. Neurosci.",
  volume   =  21,
  number   =  6,
  pages    = "811--819",
  month    =  jun,
  year     =  2018,
  language = "en"
}

@ARTICLE{Tomczak2015-kt,
  title    = "The Cancer Genome Atlas ({TCGA)}: an immeasurable source of
              knowledge",
  author   = "Tomczak, Katarzyna and Czerwi{\'n}ska, Patrycja and Wiznerowicz,
              Maciej",
  journal  = "Contemp. Oncol.",
  volume   =  19,
  number   = "1A",
  pages    = "A68--77",
  year     =  2015,
  keywords = "The Cancer Genome Atlas (TCGA); big data analysis; cancer
              genomics",
  language = "en"
}

@ARTICLE{Fridman2012-bi,
  title    = "The immune contexture in human tumours: impact on clinical
              outcome",
  author   = "Fridman, Wolf Herman and Pag{\`e}s, Franck and
              Saut{\`e}s-Fridman, Catherine and Galon, J{\'e}r{\^o}me",
  journal  = "Nat. Rev. Cancer",
  volume   =  12,
  number   =  4,
  pages    = "298--306",
  month    =  mar,
  year     =  2012,
  language = "en"
}

@MISC{Torre_undated-hf,
  title  = "A Comparison Between Single Cell {RNA} Sequencing And Single
            Molecule {RNA} {FISH} For Rare Cell Analysis",
  author = "Torre, Eduardo A and Dueck, Hannah and Shaffer, Sydney and
            Gospocic, Janko and Gupte, Rohit and Bonasio, Roberto and Kim,
            Junhyong and Murray, John and Raj, Arjun"
}

@ARTICLE{Wang2018-oj,
  title    = "Gene expression distribution deconvolution in single-cell {RNA}
              sequencing",
  author   = "Wang, Jingshu and Huang, Mo and Torre, Eduardo and Dueck, Hannah
              and Shaffer, Sydney and Murray, John and Raj, Arjun and Li,
              Mingyao and Zhang, Nancy R",
  journal  = "Proc. Natl. Acad. Sci. U. S. A.",
  volume   =  115,
  number   =  28,
  pages    = "E6437--E6446",
  month    =  jul,
  year     =  2018,
  keywords = "Gini coefficient; RNA sequencing; differential expression; highly
              variable genes; single-cell transcriptomics",
  language = "en"
}

@ARTICLE{Wang2019-lc,
  title    = "Bulk tissue cell type deconvolution with multi-subject
              single-cell expression reference",
  author   = "Wang, Xuran and Park, Jihwan and Susztak, Katalin and Zhang,
              Nancy R and Li, Mingyao",
  journal  = "Nat. Commun.",
  volume   =  10,
  number   =  1,
  pages    = "380",
  month    =  jan,
  year     =  2019,
  language = "en"
}

@ARTICLE{GTEx_Consortium2015-vl,
  title    = "Human genomics. The {Genotype-Tissue} Expression ({GTEx}) pilot
              analysis: multitissue gene regulation in humans",
  author   = "{GTEx Consortium}",
  journal  = "Science",
  volume   =  348,
  number   =  6235,
  pages    = "648--660",
  month    =  may,
  year     =  2015,
  language = "en"
}

@MISC{Rosen2014-ae,
  title   = "What We Talk About When We Talk About Fat",
  author  = "Rosen, Evan D and Spiegelman, Bruce M",
  journal = "Cell",
  volume  =  156,
  number  = "1-2",
  pages   = "20--44",
  year    =  2014
}

@ARTICLE{Schelker2017-ms,
  title    = "Estimation of immune cell content in tumour tissue using
              single-cell {RNA-seq} data",
  author   = "Schelker, Max and Feau, Sonia and Du, Jinyan and Ranu, Nav and
              Klipp, Edda and MacBeath, Gavin and Schoeberl, Birgit and Raue,
              Andreas",
  journal  = "Nat. Commun.",
  volume   =  8,
  number   =  1,
  pages    = "2032",
  month    =  dec,
  year     =  2017,
  language = "en"
}

@MISC{Spalding2008-ey,
  title   = "Dynamics of Fat Cell Turnover in Humans",
  author  = "Spalding, Kirsty L and Arner, Erik and Westermark, P{\aa}l O and
             Bernard, Samuel and Buchholz, Bruce A and Bergmann, Olaf and
             Blomqvist, Lennart and Hoffstedt, Johan and N{\"a}slund, Erik and
             Britton, Tom and Concha, Hernan and Hassan, Moustapha and
             Ryd{\'e}n, Mikael and Fris{\'e}n, Jonas and Arner, Peter",
  journal = "Obstetrical \& Gynecological Survey",
  volume  =  63,
  number  =  9,
  pages   = "577--578",
  year    =  2008
}

@MISC{Patrick_undated-vv,
  title  = "Deconvolving the contributions of cell-type heterogeneity on
            cortical gene expression",
  author = "Patrick, Ellis and Taga, Mariko and Ergun, Ayla and Ng, Bernard and
            Casazza, William and Cimpean, Maria and Yung, Christina and
            Schneider, Julie A and Bennett, David A and Gaiteri, Chris and De
            Jager, Philip L and Bradshaw, Elizabeth M and Mostafavi, Sara"
}

@MISC{Wolf2018-av,
  title   = "{SCANPY}: large-scale single-cell gene expression data analysis",
  author  = "Wolf, F Alexander and Alexander Wolf, F and Angerer, Philipp and
             Theis, Fabian J",
  journal = "Genome Biology",
  volume  =  19,
  number  =  1,
  year    =  2018
}

@ARTICLE{Mattson2018-um,
  title    = "Hallmarks of Brain Aging: Adaptive and Pathological Modification
              by Metabolic States",
  author   = "Mattson, Mark P and Arumugam, Thiruma V",
  journal  = "Cell Metab.",
  volume   =  27,
  number   =  6,
  pages    = "1176--1199",
  month    =  jun,
  year     =  2018,
  keywords = "Alzheimer's disease; Parkinson's disease; aging; amyloid;
              autophagic; hippocampus; ketones; mitochondrial dysfunction;
              synaptic dysfunction; synuclein",
  language = "en"
}

@MISC{Shen-Orr2010-tg,
  title   = "Cell type--specific gene expression differences in complex tissues",
  author  = "Shen-Orr, Shai S and Tibshirani, Robert and Khatri, Purvesh and
             Bodian, Dale L and Staedtler, Frank and Perry, Nicholas M and
             Hastie, Trevor and Sarwal, Minnie M and Davis, Mark M and Butte,
             Atul J",
  journal = "Nature Methods",
  volume  =  7,
  number  =  4,
  pages   = "287--289",
  year    =  2010
}

@ARTICLE{Wu2019-pq,
  title    = "Advantages of {Single-Nucleus} over {Single-Cell} {RNA}
              Sequencing of Adult Kidney: Rare Cell Types and Novel Cell States
              Revealed in Fibrosis",
  author   = "Wu, Haojia and Kirita, Yuhei and Donnelly, Erinn L and Humphreys,
              Benjamin D",
  journal  = "J. Am. Soc. Nephrol.",
  volume   =  30,
  number   =  1,
  pages    = "23--32",
  month    =  jan,
  year     =  2019,
  keywords = "RNA-sequencing; fibrosis; single cell",
  language = "en"
}
